@book{keene,
    author = "Sonya E. Keene",
    year = "1989",
    title = "{Object-oriented programming in Common Lisp. A programmer's guide to CLOS. Adison Wesley}",
    publisher = "Reading: Massachusetts"}
   
@book{amop,
    author = "Gregor Kiczales and Jim des Rivieres and Daniel Gureasko Bobrow",
    year = "1991",
    title = "{The art of the metaobject protocol}",
    publisher = "MIT press"}

@misc{neu-edu,
    author = "Matthias Felleisen and Robert Bruce Findler",
    year = "2015",
    title = "{Programming with Class in Racket}",
    howpublished = "\url{http://www.ccs.neu.edu/home/matthias/Thoughts/Programming\_with\_Class\_in\_Racket.html}",
    note = "Zuletzt abgerufen am 30. April 2017"}

@misc{racketref-classes,
    author = "Matthew Flatt",
    title = "{The Racket Reference: Classes and Objects}",
    howpublished = "\url{https://docs.racket-lang.org/reference/mzlib\_class.html}",
    year="1997-2017",
    note = "Zuletzt abgerufen am 30. April 2017"}

@misc{racketref-macros,
    author = "Matthew Flatt",
    title = "{The Racket Reference: Macros}",
    howpublished = "\url{https://docs.racket-lang.org/reference/Macros.html}",
    year="1997-2017",
    note = "Zuletzt abgerufen am 30. April 2017"}

@misc{racketguide-classes,
    author = "Matthew Flatt and Robert Bruce Findler",
    title = "{The Racket Guide: Classes and Objects}",
    howpublished = "\url{https://docs.racket-lang.org/guide/classes.html}",
    year="1997-2017",
    note = "Zuletzt abgerufen am 30. April 2017"}
    
@misc{racketguide-macros,
    author = "Matthew Flatt and Robert Bruce Findler",
    title = "{The Racket Guide: Macros}",
    howpublished = "\url{https://docs.racket-lang.org/guide/macros.html}",
    year="1997-2017",
    note = "Zuletzt abgerufen am 30. April 2017"}
    
@misc{racketguide-namespace,
    author = "Matthew Flatt and Robert Bruce Findler",
    title = "{The Racket Guide: Manipulating Namespaces}",
    howpublished = "\url{https://docs.racket-lang.org/guide/mk-namespace.html}",
    year="1997-2017",
    note = "Zuletzt abgerufen am 21. Mai 2017"}
    
@misc{fearofmacros,
    author = "Greg Hendershott",
    year = "2012-2014",
    title = "{Fear of Macros}",
    howpublished = "\url{http://www.greghendershott.com/fear-of-macros/index.html}",
    note = "Zuletzt abgerufen am 30. April 2017"}

@misc{history,
    author = "Matt Weisfeld",
    year = "2005",
    title = "{The Evolution of Object-Oriented Languages}",
    howpublished = "\url{http://www.developer.com/java/other/article.php/3493761/The-Evolution-of-Object-Oriented-Languages.htm}",
    note = "Zuletzt abgerufen am 10. Mai 2017"}

